<?xml version="1.0" encoding="UTF-8" ?><marc:collection xmlns:marc="http://www.loc.gov/MARC21/slim" xmlns:xsi="http://www.w3.org/2001/XMLSchema-instance" xsi:schemaLocation="http://www.loc.gov/MARC21/slim http://www.loc.gov/standards/marcxml/schema/MARC21slim.xsd">
<marc:record><marc:leader>04079ntm a2200565Ia 4500</marc:leader>
<marc:controlfield tag="001">on1243893084</marc:controlfield>
<marc:controlfield tag="003">OCoLC</marc:controlfield><marc:controlfield tag="005">20210407122021.0</marc:controlfield><marc:controlfield tag="008">210330m16271628ii ap         000 0 per d</marc:controlfield><marc:datafield tag="040" ind1=" " ind2=" "><marc:subfield code="a">PLF</marc:subfield><marc:subfield code="b">eng</marc:subfield><marc:subfield code="e">amremm</marc:subfield><marc:subfield code="c">PLF</marc:subfield><marc:subfield code="d">OCLCO</marc:subfield></marc:datafield><marc:datafield tag="066" ind1=" " ind2=" "><marc:subfield code="c">(3</marc:subfield><marc:subfield code="c">(4</marc:subfield></marc:datafield><marc:datafield tag="035" ind1=" " ind2=" "><marc:subfield code="a">(PLF)2572439</marc:subfield></marc:datafield><marc:datafield tag="099" ind1=" " ind2=" "><marc:subfield code="a">Lewis O 62</marc:subfield></marc:datafield><marc:datafield tag="049" ind1=" " ind2=" "><marc:subfield code="a">PLFF</marc:subfield></marc:datafield><marc:datafield tag="100" ind1="0" ind2=" "><marc:subfield code="6">880-01</marc:subfield><marc:subfield code="a">Niẓāmī Ganjavī,</marc:subfield><marc:subfield code="d">1140 or 1141-1202 or 1203.</marc:subfield></marc:datafield><marc:datafield tag="245" ind1="1" ind2="0"><marc:subfield code="6">880-02</marc:subfield><marc:subfield code="a">[Khamsah].</marc:subfield></marc:datafield><marc:datafield tag="246" ind1="3" ind2="3"><marc:subfield code="6">880-03</marc:subfield><marc:subfield code="a">Panj ganj</marc:subfield></marc:datafield><marc:datafield tag="260" ind1=" " ind2=" "><marc:subfield code="a">[India?],</marc:subfield><marc:subfield code="c">A.H. 1036-1037 (1627-1628)</marc:subfield></marc:datafield><marc:datafield tag="300" ind1=" " ind2=" "><marc:subfield code="a">ii, 513, iii leaves :</marc:subfield><marc:subfield code="b">paper, illustrations, illuminations ;</marc:subfield><marc:subfield code="c">300 x 175 (202 x 88) mm, bound to 300 x 183 mm.</marc:subfield></marc:datafield><marc:datafield tag="500" ind1=" " ind2=" "><marc:subfield code="a">Ms. codex.</marc:subfield></marc:datafield><marc:datafield tag="520" ind1=" " ind2=" "><marc:subfield code="a">Complete copy of Niẓāmī's well-known collection with 13 illustrations, headpieces, and marginal decorations.</marc:subfield></marc:datafield><marc:datafield tag="546" ind1=" " ind2=" "><marc:subfield code="a">Persian.</marc:subfield></marc:datafield><marc:datafield tag="500" ind1=" " ind2=" "><marc:subfield code="a">Titles for each section from captions titles.</marc:subfield></marc:datafield><marc:datafield tag="505" ind1="0" ind2=" "><marc:subfield code="a">1. f. 1v-43r: Makhzan-i asrār -- 2. f. 43v-153r: Khusraw va Shīrīn -- 3. 153v-237r: Laylī va Majnūn -- 4. 237v-328v: Haft Paykar -- 5. 329v-450r: Iskandarʹnāmah -- 6. 450v-513r: Iqbālʹnamāh</marc:subfield></marc:datafield><marc:datafield tag="510" ind1="4" ind2=" "><marc:subfield code="a">Simsar, Muhammed Ahmed. Oriental manuscripts of the John Frederick Lewis Collection,</marc:subfield><marc:subfield code="c">62.</marc:subfield></marc:datafield><marc:datafield tag="500" ind1=" " ind2=" "><marc:subfield code="a">Foliation: Modern foliation added in pencil, upper left recto.</marc:subfield></marc:datafield><marc:datafield tag="500" ind1=" " ind2=" "><marc:subfield code="a">Layout: Chiefly 15 lines in 2 columns with two sets of 12 angled lines ; border- and column-ruled.</marc:subfield></marc:datafield><marc:datafield tag="500" ind1=" " ind2=" "><marc:subfield code="a">Script: Written in nastaʻlīq in black ink; pointed.</marc:subfield></marc:datafield><marc:datafield tag="500" ind1=" " ind2=" "><marc:subfield code="a">Decoration: Illuminated headpieces in polychrome and gold before each new section with marginal fill and the text on cloudbands (f. 1v-2r, 43v-44r, 153v-154r, 237v-238r, 329v-330r, 450v-451r); textblock border-ruled in double gold and blue; text divisions marked in gold with gold corner and angled line dividers in gold and blue</marc:subfield></marc:datafield><marc:datafield tag="500" ind1=" " ind2=" "><marc:subfield code="a">Binding: Red leather over pasteboard with horizontal bands and gold tooling along the spine; red painted doublure.</marc:subfield></marc:datafield><marc:datafield tag="500" ind1=" " ind2=" "><marc:subfield code="a">Origin: Copy completed by Ḥājjī Muḥammad al-Jārpādqānī, in 1036 and 1037 A.H. (1627 to 1628 CE) (f. 237r, 450r, 513r)</marc:subfield></marc:datafield><marc:datafield tag="500" ind1=" " ind2=" "><marc:subfield code="a">Catalog entry, lot 303, pasted onto flyleaf 2 verso at front of book; notes in ink with two illegible stamps (f. 1r). One of the notes gives the costs of producing the manuscript, &quot;The actual cost of the Khamsa of Nizami in the handwriting of the calligrapher Khan Shirazi - 357 rupees. Copying 36,000 couplets at 5 rupees per 1000 -180 rupees; ruling the folios and applying gold leaf - 90 rupees; 14 paintings and 3 rupees each - 42 rupees; binding and illuminations - 20 rupees; paper and material for the manuscript - 25 rupees&quot; (John Seyller, &quot;The Inspection and Valuation of Manuscripts in the Imperial Mughal Library&quot; in Artibus Asiae, Vol. 57, No. 3/4 (1997), pp. 243-349, p. 273).</marc:subfield></marc:datafield><marc:datafield tag="561" ind1="1" ind2=" "><marc:subfield code="a">Formerly owned by John Frederick Lewis (bookplate on inside back cover).</marc:subfield></marc:datafield><marc:datafield tag="650" ind1=" " ind2="0"><marc:subfield code="a">Persian poetry</marc:subfield><marc:subfield code="y">747-1500.</marc:subfield></marc:datafield><marc:datafield tag="650" ind1=" " ind2="0"><marc:subfield code="a">Illumination of books and manuscripts, Indic</marc:subfield><marc:subfield code="v">Specimens.</marc:subfield></marc:datafield><marc:datafield tag="650" ind1=" " ind2="0"><marc:subfield code="a">Manuscripts, Persian</marc:subfield><marc:subfield code="y">17th century.</marc:subfield></marc:datafield><marc:datafield tag="650" ind1=" " ind2="0"><marc:subfield code="a">Manuscripts, Oriental</marc:subfield><marc:subfield code="y">17th century.</marc:subfield></marc:datafield><marc:datafield tag="655" ind1=" " ind2="7"><marc:subfield code="a">codices (bound manuscripts)</marc:subfield><marc:subfield code="2">aat</marc:subfield><marc:subfield code="0">(CStmoGRI)aatgf300224200</marc:subfield></marc:datafield><marc:datafield tag="655" ind1=" " ind2="7"><marc:subfield code="a">Illuminations (painting)</marc:subfield><marc:subfield code="2">aat</marc:subfield></marc:datafield><marc:datafield tag="655" ind1=" " ind2="7"><marc:subfield code="a">manuscripts (documents)</marc:subfield><marc:subfield code="2">aat</marc:subfield><marc:subfield code="0">(CStmoGRI)aatgf300028569</marc:subfield></marc:datafield><marc:datafield tag="655" ind1=" " ind2="7"><marc:subfield code="a">miniatures (paintings)</marc:subfield><marc:subfield code="2">aat</marc:subfield><marc:subfield code="0">(CStmoGRI)aatgf300033936</marc:subfield></marc:datafield><marc:datafield tag="700" ind1="0" ind2=" "><marc:subfield code="6">880-04</marc:subfield><marc:subfield code="a">Jārpādqānī, Ḥājjī Muḥammad,</marc:subfield><marc:subfield code="d">active 1627,</marc:subfield><marc:subfield code="e">scribe.</marc:subfield></marc:datafield><marc:datafield tag="700" ind1="1" ind2=" "><marc:subfield code="a">Lewis, John Frederick,</marc:subfield><marc:subfield code="d">1860-1932,</marc:subfield><marc:subfield code="e">former owner.</marc:subfield></marc:datafield><marc:datafield tag="700" ind1="1" ind2=" "><marc:subfield code="a">Lewis, Anne Baker,</marc:subfield><marc:subfield code="d">1868-1937,</marc:subfield><marc:subfield code="e">donor.</marc:subfield></marc:datafield><marc:datafield tag="710" ind1="2" ind2=" "><marc:subfield code="a">Free Library of Philadelphia.</marc:subfield><marc:subfield code="b">Rare Book Department.</marc:subfield><marc:subfield code="b">John Frederick Lewis Collection of Oriental Manuscripts.</marc:subfield></marc:datafield><marc:datafield tag="856" ind1="4" ind2="1"><marc:subfield code="z">Digital facsimile in OPenn</marc:subfield><marc:subfield code="u">https://openn.library.upenn.edu/Data/0023/html/lewis_o_062.html</marc:subfield></marc:datafield><marc:datafield tag="852" ind1=" " ind2=" "><marc:subfield code="b">Rare Book Department</marc:subfield><marc:subfield code="a">Free Library of Philadelphia</marc:subfield><marc:subfield code="e">Philadelphia</marc:subfield><marc:subfield code="u">https://know.freelibrary.org/Record/2572439</marc:subfield></marc:datafield><marc:datafield tag="880" ind1="0" ind2=" "><marc:subfield code="6">100-01/(3/r</marc:subfield><marc:subfield code="a">&amp;#x200F;نظامى گنجوى،&amp;#٬٢٠٠ئ؛</marc:subfield><marc:subfield code="d">&amp;#x200F;1140 يا 1141-1202 يا 1203.</marc:subfield></marc:datafield><marc:datafield tag="880" ind1="1" ind2="0"><marc:subfield code="6">245-02/(3/r</marc:subfield><marc:subfield code="a">[خمسه].</marc:subfield></marc:datafield><marc:datafield tag="880" ind1="3" ind2="3"><marc:subfield code="6">246-03/(4/r</marc:subfield><marc:subfield code="a">پنج گنج</marc:subfield></marc:datafield><marc:datafield tag="880" ind1="0" ind2=" "><marc:subfield code="6">700-04/(3/r</marc:subfield><marc:subfield code="a">جارپادقاني، حاجي محمد،</marc:subfield><marc:subfield code="d">active 1627,</marc:subfield><marc:subfield code="e">scribe.</marc:subfield></marc:datafield><marc:datafield tag="994" ind1=" " ind2=" "><marc:subfield code="a">C0</marc:subfield><marc:subfield code="b">PAU</marc:subfield></marc:datafield></marc:record>
</marc:collection>
